@article{snodgrass1944feeding,
  title={The feeding apparatus of biting and sucking insects affecting man and animals},
  author={Snodgrass, Robert Evans},
  journal={Smithsonian Miscellaneous Collections},
  year={1944},
  volume = {104},
  pages = {2--113},
  note = {https://www.biodiversitylibrary.org/page/27082624}
}

@book{bhlitem140074,
	title = {A preliminary report on the Protozoa of the fresh waters of Connecticut},
	volume = {no.2 (1905)},
	copyright = {Not provided.  Contact Contributing Library to verify copyright status.},
	url = {https://www.biodiversitylibrary.org/item/140074},
	note = {https://www.biodiversitylibrary.org/bibliography/70407},
	publisher = {Hartford press, The Case, Lockwood \& Brainard company},
	author = {Conn, Herbert William},
	year = {1905},
	pages = {152},
	keywords = {Connecticut|Freshwater animals|Protozoa}
}

@article{prins1984morphological,
  title={Morphological and biological notes on some South African arthropods associated with decaying organic matter. II: the predatory families Carabidae, Hydrophilidae, Histeridae, Staphylinidae and Silphidae (Coleoptera)},
  author={Prins, AJ},
  journal={Annals of the South African Museum},
  volume={92},
  number={4},
  pages={295--356},
  year={1984}
}

@article{britton1923hemiptera,
  title={Hemiptera, Or Sucking Insects of Connecticut},
  author={Britton, Wilton Everett},
  volume={34},
  year={1923},
  note = {https://archive.org/details/bulletinstatege341923stat/page/24/mode/1up},
  journal={Bulletin of the State Geological and Natural History Survey}
}

@book{bhlitem33127,
	title = {Biology of the Membracidae of the Cayuga Lake basin},
	copyright = {NOT_IN_COPYRIGHT},
	url = {https://www.biodiversitylibrary.org/item/33127},
	note = {https://www.biodiversitylibrary.org/bibliography/7981},
	publisher = {Ithaca, N.Y.},
	author = {Funkhouser, William Delbert},
	year = {1917},
	pages = {290},
	keywords = {Membracidae|}
}

@article{runner1923three,
  title={The three-banded grape leafhopper and other leafhoppers injuring grapes},
  author={Runner, GA and Bliss, CI},
  journal={Journal of Agricultural Research},
  volume={26},
  number={9},
  pages={419--424},
  year={1923}
}

@article{bhlitem192425,
	title = {Fumigation for the citrus white fly, as adapted to Florida conditions},
	volume = {new ser.: no.76 (1908)},
	copyright = {The contributing institution believes that this item is not in copyright},
	journal = {Bulletin of the United States Bureau of Entomology},
	url = {https://www.biodiversitylibrary.org/item/192425},
	note = {https://www.biodiversitylibrary.org/bibliography/11512},
	publisher = {Washington : G.P.O.},
	author = {{United States Bureau of Entomology}},
	year = {1908},
	pages = {94},
	keywords = {Entomology|Insect pests|Insects|United States}
}


@book{bhlitem126080aquatic,
	title = {Aquatic insects of California, with keys to North American genera and California species},
	copyright = {Copyright either not claimed or not renewed; item is in the public domain.},
	url = {https://www.biodiversitylibrary.org/item/126080},
	note = {https://www.biodiversitylibrary.org/bibliography/61952},
	publisher = {Berkeley, University of California Press},
	author = {Usinger, Robert Leslie},
	year = {1956},
	pages = {528},
	keywords = {Aquatic insects|California|Insects}
}

@article {Misof763,
	author = {Misof, Bernhard and Liu, Shanlin and Meusemann, Karen and Peters, Ralph S. and Donath, Alexander and Mayer, Christoph and Frandsen, Paul B. and Ware, Jessica and Flouri, Tom{\'a}{\v s} and Beutel, Rolf G. and Niehuis, Oliver and Petersen, Malte and Izquierdo-Carrasco, Fernando and Wappler, Torsten and Rust, Jes and Aberer, Andre J. and Asp{\"o}ck, Ulrike and Asp{\"o}ck, Horst and Bartel, Daniela and Blanke, Alexander and Berger, Simon and B{\"o}hm, Alexander and Buckley, Thomas R. and Calcott, Brett and Chen, Junqing and Friedrich, Frank and Fukui, Makiko and Fujita, Mari and Greve, Carola and Grobe, Peter and Gu, Shengchang and Huang, Ying and Jermiin, Lars S. and Kawahara, Akito Y. and Krogmann, Lars and Kubiak, Martin and Lanfear, Robert and Letsch, Harald and Li, Yiyuan and Li, Zhenyu and Li, Jiguang and Lu, Haorong and Machida, Ryuichiro and Mashimo, Yuta and Kapli, Pashalia and McKenna, Duane D. and Meng, Guanliang and Nakagaki, Yasutaka and Navarrete-Heredia, Jos{\'e} Luis and Ott, Michael and Ou, Yanxiang and Pass, G{\"u}nther and Podsiadlowski, Lars and Pohl, Hans and von Reumont, Bj{\"o}rn M. and Sch{\"u}tte, Kai and Sekiya, Kaoru and Shimizu, Shota and Slipinski, Adam and Stamatakis, Alexandros and Song, Wenhui and Su, Xu and Szucsich, Nikolaus U. and Tan, Meihua and Tan, Xuemei and Tang, Min and Tang, Jingbo and Timelthaler, Gerald and Tomizuka, Shigekazu and Trautwein, Michelle and Tong, Xiaoli and Uchifune, Toshiki and Walzl, Manfred G. and Wiegmann, Brian M. and Wilbrandt, Jeanne and Wipfler, Benjamin and Wong, Thomas K. F. and Wu, Qiong and Wu, Gengxiong and Xie, Yinlong and Yang, Shenzhou and Yang, Qing and Yeates, David K. and Yoshizawa, Kazunori and Zhang, Qing and Zhang, Rui and Zhang, Wenwei and Zhang, Yunhui and Zhao, Jing and Zhou, Chengran and Zhou, Lili and Ziesmann, Tanja and Zou, Shijie and Li, Yingrui and Xu, Xun and Zhang, Yong and Yang, Huanming and Wang, Jian and Wang, Jun and Kjer, Karl M. and Zhou, Xin},
	title = {Phylogenomics resolves the timing and pattern of insect evolution},
	volume = {346},
	number = {6210},
	pages = {763--767},
	year = {2014},
	doi = {10.1126/science.1257570},
	publisher = {American Association for the Advancement of Science},
	journal = {Science}
}

@book{beutel2013insect,
  title={Insect Morphology and Phylogeny: A Textbook for Students of Entomology},
  author={Beutel, R. and Friedrich, F. and Ge, S.Q. and Yang, X.K.},
  isbn={9783110262636},
  lccn={2013029900},
  series={De Gruyter graduate},
  year={2013},
  publisher={De Gruyter}
}

@misc{ScaleNet,
	author = {D. Miller and A. Rung and G. Parikh and G. Venable and A.J. Redford and G.A. Evans and R.J. Gill},
	title = {Scale {I}nsects, {E}dition 2. {USDA APHIS} {I}dentification {T}echnology {P}rogram ({ITP})},
	howpublished = {http://idtools.org/id/scales/},
	year = {2014},
	address = {Fort Collins, CO},
	note = {Whole body (slide-mounted specimen) images by Alessandra Rung. Accessed 10 May 2016}
}

@book{bhl128276,
title = {Insects, their ways and means of living},
copyright = {NOT_IN_COPYRIGHT},
url = {http://www.biodiversitylibrary.org/item/128276},
publisher = {New York Smithsonian Institution series},
author = {Snodgrass, R. E.},
year = {1930},
pages = {431}
}

@book{fernald1921applied,
  title={Applied Entomology; an Introductory Text-book of Insects in Their Relations to Man},
  author={Fernald, Henry Torsey},
  year={1921},
  publisher={McGraw-Hill book Company, Incorporated},
  url = {https://archive.org/details/appliedentomolog00fernrich}
}
%ThripidHead is fig. 148 from this book

@article{minaei2013,
    doi = {10.3897/zookeys.275.4433},
    year = 2013,
    volume = {275},
    pages = {91--99},
    author = {Kambiz Minaei and Maryam Aleosfoor},
    title = {A new species of \textit{{H}aplothrips} from southern {I}ran ({T}hysanoptera, {P}hlaeothripidae)},
    journal = {Zoo{K}eys}
} 

@article{bhlpart17516,
title = {Notes on {N}orth {A}merican {P}syllidae},
journal = {Proceedings of the Entomological Society of Washington},
volume = {6},
url = {http://www.biodiversitylibrary.org/part/17516},
author = {Schwarz, Eugene Amandus},
year = {1904},
pages = {234--245}
}

@book{bhl33187,
title = {Aid to the identification of insects / edited by Charles Owen Waterhouse. },
volume = {1},
url = {http://www.biodiversitylibrary.org/item/33187},
doi = {10.5962/bhl.title.7924},
publisher = {E.W. Janson,},
address = {London},
author = {Waterhouse, Charles Owen},
year = {1880},
pages = {230}
}

@book{bhl79792,
title = {A monograph of the Membracidae, by George Bowdler Buckton. To which is added a paper entitled Suggestions as to the meaning of the shapes and colours of the Membracidae in the struggle for existence, by Edward B. Poulton},
url = {http://www.biodiversitylibrary.org/item/79792},
note = {Issued in 6 parts, 1901-03},
publisher = {London, L. Reeve \& co., limited},
author = {George Bowdler Buckton and Edward Bagnall Poulton},
year = {1901},
pages = {562}
}

@book{bhl37902,
title = {Histoire naturelle de la {F}rance. par L. Fairmaire. 11e partie, H\'emipt\'eres ({P}unaises, {C}igales, {P}ucerons, {C}ochenilles, \textit{etc}.)},
volume = {11},
url = {http://www.biodiversitylibrary.org/item/37902},
note = {At head of title: Mus\'ee Scolaire Deyrolle.},
publisher = {\'{E}mile Deyrolle},
address = {Paris},
author = {L\'eon Fairmaire and Mus\'ee Scolaire Deyrolle},
year = {1884},
doi = {10.5962/bhl.title.9324},
pages = {246}
}

@book{bhl82061,
title = {Australian insects},
url = {http://www.biodiversitylibrary.org/item/82061},
publisher = {W. Brooks},
address = {Sydney},
author = {Froggatt, W. W.},
year = {1907},
pages = {624}
}

@book{bhl132930,
title = {Verzeichniss der in der {S}chweiz einheimischen {R}hynchoten. ({H}emiptera {L}inn)},
doi = {10.5962/bhl.title.66040},
publisher = {Solothurn, Verlag von Jent und Gassmann},
author = {Meyer-Duer, L. Rudolf},
year = {1843},
pages = {138}
}

@book{bhl45742,
title = {Faunae insectorum {G}ermanicae initia, oder, {D}eutschlands {I}nsecten. von {G.W.F}. {P}anzer. {H}emiptera},
note = {Panzer's plates and their letterpress descriptions are mounted on blank leaves facing each other, with 2 plates or 2 letterpress descriptions combined on each leaf. --- Plates signed by Jakob Sturm. --- Cf. {H.A. H}agen, {B}ib. entomologica, Bd. 2, Seite 27, Nr. 6; BM (Nat. hist.) v. 4, p. 1510.},
publisher = {Felsecker},
address = {Nuremberg},
author = {Georg Wolfgang Franz Panzer and Jakob Sturm},
year = {1793--1809},
pages = {256}
}

@book{bhl45818,
title = {The {H}emiptera {H}eteroptera of the {B}ritish {I}slands: a descriptive account of the families, genera, and species indigenous to Great Britain and Ireland : with notes as to localities, habitats, etc.},
note = {Includes addenda and corrigenda. --- Each plate accompanied by descriptive letter press. --- Includes index.},
publisher = {L. Reeve \& Co.,},
address = {London},
author = {Saunders, Edward},
year = {1892},
pages = {496}
}

@book{bhl14630,
title = {Biologia {C}entrali-{A}mericana: zoology, botany and archaeology; edited by Frederick Ducane Godman and Osbert Salvin},
volume = {v.1 Insecta. Rhynchota. Hemiptera-Heteroptera. Pentatomid\ae. Coreid\ae. Lyg\ae{}id\ae. Pyrrhocorid\ae. Capsid},
url = {http://biodiversitylibrary.org/page/594672},
publisher = {Published for the editors by R. H. Porter},
address = {London},
author = {Frederick Du Cane Godman and Maud Horman-Fisher and H. Knight and Osbert Salvin and G. S. Saunders and M. v. Schlereth and M. A. Sharp and Edwin Wilson and Bale \& Danielsson and Th. Bannwarth and Cambridge Scientific Instrument Company and Hanhart and Mintern Bros. and W. Purkiss and Taylor \& Francis},
year = {1880--1893},
pages = {517}
}

@misc{ENT532,
author = {{Open Entomology Project}},
year = {2021},
title = {Insect {B}iodiversity and {E}volution},
howpublished = {\url{https://github.com/OpenEntomology/InsectBiodiversityEvolution}},
note = {Accessed 29 March 2021}
}

@article {Spooner121,
	author = {Spooner, C. S.},
	title = {A Note on the Mouthparts of the Aradidae},
	volume = {13},
	number = {1},
	pages = {121--122},
	year = {1920},
	doi = {10.1093/aesa/13.1.121},
	publisher = {The Oxford University Press},
	abstract = {The members of the heteropterous family Aradid{\ae} are supposed to represent the extreme of dorso-ventral flattening. Certainly they are about as thin as we can imagine possible. We are apt to think that their anatomy, both internal and external, has been modified primarily in this direction. It was with considerable surprise, therefore, that the author, in the course of some morphological studies, discovered a modification of the mouthparts unparalleled, so far as known, in the other Hemiptera and which necessitates considerable dorso-ventral space.},
	journal = {Annals of the Entomological Society of America}
}